@Article{1,
author = {Catalao, JPS},
title = {Short-term electricity prices forecasting in a competitive market: A neural network approach},
journal = {Electric Power Systems Research},
year = {2007},
}

@Article{2,
author = {Aggarwal et al., S. K},
title = {Electricity price forecasting in deregulated markets A review and evaluation},
journal = {National Institute of Technology},
year = {},
}

@Article{3,
author = {Bunn, D. W},
title = {Forecasting Loads and Prices in Competitive Power Markets},
journal = {Invited Paper },
year = {1999},
}

@Article{4,
author = {Motta et al., Maurizio},
title = {Measure-Correlate-Predic Methods: Case Studies and Software Implementation},
journal = {EMD Internation A/S (EMD)},
year = {},
}

@Article{5,
author = {Aksanli et al., Baris},
title = {Utilizing Green Energy Prediction to Schedule Mixed Batch and Service Jobs in Data Centers},
journal = {Computer Science and Engeneering Department, University of California, San Diego},
year = {},
}

@online{6,
author = {DEA},
title = {Danish Energy Authority Report},
year = {2012},
url = {http://www.ens.dk/en-US/policy/danish-climate-and-energy-policy/Documents/Energy%20Policy%20Report%202012.pdf},
}

@online{7,
author = {Ranganathan, A},
title = {The Levenberg-Marquardt Algorithm 8th},
year = {2004},
url = {http://ananth.in/docs/lmtut.pdf},
}

@online{8,
author = {wiki},
title = {Resilient backpropagation},
year = {},
url = {http://en.wikipedia.org/wiki/Rprop},
}


@Article{9,
author = {Pujol, P},
title = {The solution of nonlinear inverse problems and
the Levenberg-Marquardt method},
journal = {University of Memphis, Department of Earth Sciences},
year = {2007},
}

@Article{10,
author = {Strutz, T},
title = {Data Fitting and Uncertainty: A practical
introduction to weighted least squares and beyond},
journal = {Vieweg+Teubner Verlag},
year = {2011},
}

@online{11,
author = {},
title = {Fast Artificial Neural Network},
year = {},
url = {http://leenissen.dk/fann/wp/},
}

@Article{13,
author = {Hagan et al., M. T},
title = {Training Feedforward Networks with the Marquardt Algorithm},
journal = {IEEE TRANSACTIONS  ON NEURAL NETWORKS, VOL. 5 ,  NO.  6},
year = {1994},
}

@online{14,
author = {wiki},
title = {Backpropagation},
year = {},
url = {http://en.wikipedia.org/wiki/Backpropagation},
}

@Article{15,
author = {Riedmiller, M. and Braun, H},
title = {A direct adaptive method for faster backpropagation learning: The RPROP algorithm},
journal = {University of Karlsruhe.Institut for logic, complexity and deduction systems},
year = {},
}

@online{16,
author = {wiki},
title = {Machine learning},
year = {},
url = {http://en.wikipedia.org/wiki/Machine_learning#Artificial_neural_networks},
}

@thesis{17,
author = {Nissen, S},
title = {Large Scale Reinforcement Learning using Q-SARSA and Cascading Neural Networks},
type = {Computer Science},
institution = {Department of Computer Science, University of Copenhagen},
year = {2007},
}

@Article{18,
author = {Domingos, Pedro},
title = {A Few Useful Things to Know About Machine Learning},
journal = {Commnucations of the acm},
year = {2012},
}

@Article{19,
author = {Hor et al., Ching-Lai},
title = {Analyzing the Impact of Weather Variables on Monthly Electricity Demand},
journal = {IEE TRANSACTIONS ON POWER SYSTEMS, VOL. 20, NO. 4},
year = {2005},
}

@online{20,
author = {business.com},
title = {Finanskrisen saetter elforbrug i bakgear},
year = {},
url = {http://www.business.dk/investor/finanskrisen-saetter-elforbrug-i-bakgear},
}

@Article{21,
author = {Nogales, J. Francisco. Contreras, Javier},
title = {Forecasting Next-Day Electricity Prices by Time Series Models},
journal = {IEE TRANSACTIONS ON POWER SYSTEMS, VOL. 17, NO. 2},
year = {2002},
}

@Article{22,
author = {Grode et al., Jesper},
title = {Intelligent Electricity Broker},
journal = {ICEAS 2012},
year = {2012},
}

@Article{EnergyPriceForecasting,
author = {Amjady, Nima. Meisam, Hemmati},
title = {Energy Price Forecasting},
journal = {IEE power and energy magazine},
year = {2006},
}

@Article{ARIMA,
author = {Contreas, Javier. Nogales J., Francisco. Conejo, Anotiono},
title = {ARIMA Models to Predict Next-Day Electricity Prices},
journal = {IEE TRANSACTIONS ON POWER SYSTEMS, VOL. 18, NO. 3},
year = {2003},
}

@Article{stockForecasting,
author = {Wang et al., Jian-Zhou},
title = {Forecasting stock indices with back propagation neural network},
journal = {Expert Systems with Applications 38},
year = {2011},
}

@Article{pjmForecast,
author = {Mandal, Paras. Tomonobu, Senjyu. Naomitsu, Urasaki},
title = {A Novel Approach to Forecast Electricity Price for PJM Using Neural Network and Similar Days Method},
journal = {IEE TRANSACTIONS ON POWER SYSTEMS, VOL. 22, NO. 4},
year = {2007},
}

@Article{windPowerDanishLiberalized,
author = {Munksgaard, Jesper. Morthorst, Poul Erik},
title = {Wind power in the Danish liberalized power market - Policy measures, price impact and investor incentives},
journal = {Energy Policy 36, 3940-3947},
year = {2008},
}

@Article{WindPowerGenerationUsingANN,
author = {Mabel, M. Carolin. Fernandez, E.},
title = {Analysis of wind power generation and prediction using ANN: A case study},
journal = {Renewable Energy 33, 986-992},
year = {2008},
}

@Article{AirDensityInForecast,
author = {Farkas, Zeno},
title = {Considering Air Density in Wind Power Production},
journal = {},
year = {2011},
}

@Article{UncertainInformation,
author = {Atoyan, Hasmik. Robert, Jean-Marc. Duquet, Jean-Remi},
title = {Presentation of uncertain information in user interfaces to support decision making in complex military systems},
journal = {IHM},
year = {2008},
}

@Article{groupLearningDS,
author = {Li, Jung-Bin. Chen, An-Pin},
title = {Refined Group Learning Based on XCS and Neural Network in Intelligent Financial Decision Support System},
journal = {Conference on Intelligent Systems Design and Applications},
year = {2006},
}

@Article{multiAgentDSS,
author = {Luo, Yuan. Kecheng, Liu},
title = {A Multi-Agent Decision Support System for Stock Trading},
journal = {IEEE Network January/February},
year = {2002},
}


@book{buckland2002ai,
  title={AI techniques for game programming},
  author={Buckland, M.},
  year={2002},
  publisher={Course Technology}
}

@book{rojas1996neural,
  title={Neural networks: a systematic introduction},
  author={Rojas, R.},
  year={1996},
  publisher={Springer}
}

@book{econometrics,
  title={Econometric Methods with Applications in Business and Economics},
  author={Heij et. al., Christiaan.},
  year={2004},
  publisher={Oxford University Press}
}


@online{inductiveBias,
author = {wiki},
title = {Inductive Bias},
year = {},
url = {http://en.wikipedia.org/wiki/Inductive_biasrks
}


@online{meanSquaredError,
author = {wiki},
title = {Mean Squared Error},
year = {},
url = {http://en.wikipedia.org/wiki/Mean_squared_error
}

@article{singhal2011electricity,
  title={Electricity price forecasting using artificial neural networks},
  author={Singhal, Deepak and Swarup, KS},
  journal={International Journal of Electrical Power \& Energy Systems},
  volume={33},
  number={3},
  pages={550--555},
  year={2011},
  publisher={Elsevier}
}


@article{xie2006new,
  title={A new method for crude oil price forecasting based on support vector machines},
  author={Xie, Wen and Yu, Lean and Xu, Shanying and Wang, Shouyang},
  journal={Computational Science--ICCS 2006},
  pages={444--451},
  year={2006},
  publisher={Springer}
}

@article{chen2004load,
  title={Load forecasting using support vector machines: A study on EUNITE competition 2001},
  author={Chen, Bo-Juen and Chang, Ming-Wei and others},
  journal={Power Systems, IEEE Transactions on},
  volume={19},
  number={4},
  pages={1821--1830},
  year={2004},
  publisher={IEEE}
}

@article{amjady2006day,
  title={Day-ahead price forecasting of electricity markets by a new fuzzy neural network},
  author={Amjady, Nima},
  journal={Power Systems, IEEE Transactions on},
  volume={21},
  number={2},
  pages={887--896},
  year={2006},
  publisher={IEEE}
}

@article{shim2002past,
  title={Past, present, and future of decision support technology},
  author={Shim, JP and Warkentin, Merrill and Courtney, James F and Power, Daniel J and Sharda, Ramesh and Carlsson, Christer},
  journal={Decision support systems},
  volume={33},
  number={2},
  pages={111--126},
  year={2002},
  publisher={Elsevier}
}